<record><leader>00000cas a2200000 a 4500</leader><controlfield tag="001">12714903</controlfield><controlfield tag="008">851024d18781886ksuwr ne      0    0eng d</controlfield><datafield ind1=" " ind2=" " tag="010"><subfield code="a">sn 85029762 </subfield></datafield><datafield ind1=" " ind2=" " tag="040"><subfield code="a">KSH</subfield><subfield code="b">eng</subfield><subfield code="c">KSH</subfield><subfield code="d">NPT</subfield><subfield code="d">OCL</subfield><subfield code="d">OCLCQ</subfield></datafield><datafield ind1=" " ind2=" " tag="042"><subfield code="a">msc</subfield></datafield><datafield ind1="0" ind2=" " tag="130"><subfield code="a">Smith County Kansas pioneer (Smith Centre, Kan. : 1878)</subfield></datafield><datafield ind1="1" ind2="0" tag="245"><subfield code="a">Smith County Kansas pioneer.</subfield></datafield><datafield ind1="3" ind2="0" tag="246"><subfield code="a">Kansas Smith County pioneer</subfield></datafield><datafield ind1="1" ind2="3" tag="246"><subfield code="a">Kansas pioneer</subfield><subfield code="f">May 16-Dec. 5, 1884</subfield></datafield><datafield ind1=" " ind2=" " tag="260"><subfield code="a">Smith Centre, Kan. :</subfield><subfield code="b">Will D. Jenkins,</subfield><subfield code="c">1878-1886.</subfield></datafield><datafield ind1=" " ind2=" " tag="300"><subfield code="a">8 v. ;</subfield><subfield code="c">61 cm.</subfield></datafield><datafield ind1=" " ind2=" " tag="310"><subfield code="a">Weekly</subfield></datafield><datafield ind1="0" ind2=" " tag="362"><subfield code="a">Vol. 6, no. 42 (July 27, 1878)-v. 14, no. 23 (Apr. 29, 1886).</subfield></datafield><datafield ind1=" " ind2=" " tag="500"><subfield code="a">'Smith County' appears above logo in masthead.</subfield></datafield><datafield ind1=" " ind2=" " tag="500"><subfield code="a">Publisher varies.</subfield></datafield><datafield ind1=" " ind2=" " tag="515"><subfield code="a">Issue for Apr. 29, 1886 and May 6, 1886 of Kansas pioneer (Smith Centre, Kan. : 1886) both numbered v. 14, no. 23.</subfield></datafield><datafield ind1=" " ind2=" " tag="752"><subfield code="a">United States</subfield><subfield code="b">Kansas</subfield><subfield code="c">Smith</subfield><subfield code="d">Smith Center.</subfield></datafield><datafield ind1="0" ind2="0" tag="780"><subfield code="t">Smith County pioneer (Cedarville, Kan.)</subfield><subfield code="w">(OCoLC)11352856</subfield></datafield><datafield ind1="0" ind2="0" tag="785"><subfield code="t">Kansas pioneer (Smith Centre, Kan. : 1886)</subfield><subfield code="w">(DLC)sn 85029767</subfield></datafield><datafield ind1="1" ind2=" " tag="029"><subfield code="a">AU@</subfield><subfield code="b">000022172322</subfield></datafield></record>